@misc{CVX,
  author       = {M. Grant and S. Boyd and Y. Ye},
  title        = {{CVX}: {M}atlab Software for Disciplined Convex Programming, ver. 2.0, build 870},
  howpublished = {Available at \url{www.stanford.edu/~boyd/cvx/}},
  month        = sep,
  year         = 2012
}


@incollection{GB:08,
  author = {M. Grant and S. Boyd},
  title = {Graph Implementations for Nonsmooth Convex Programs},
  booktitle = {Recent Advances in Learning and Control},
  series = {Lecture Notes in Control and Information Sciences},
  pages = {95--110},
  publisher = {Springer},
  year = {2008},
  editor = {V. Blondel and S. Boyd and H. Kimura}
}

@inproceedings{CPD:13,
  author = {E. Chu and N. Parikh and A. Domahidi and S. Boyd},
  title = {Code Generation for Embedded Second-Order Cone Programming},
  booktitle = {European Control Conference},
  month = {July},
  pages = {1547--1552},
  year = {2013}
}